<?xml version="1.0" encoding="UTF-8"?><collection xmlns="http://www.loc.gov/MARC21/slim"><record><leader>00596nam--2200193-i-4500</leader><controlfield tag="001">000001280</controlfield><controlfield tag="002">20161230</controlfield><controlfield tag="005">20161230201024</controlfield><controlfield tag="008">060222s1000------------r-----000-0-ger-d</controlfield><datafield ind1=" " ind2=" " tag="040"><subfield code="a">IFIN-HH</subfield></datafield><datafield ind1=" " ind2=" " tag="041"><subfield code="a">ger</subfield></datafield><datafield ind1="1" ind2=" " tag="100"><subfield code="a">Herforth, L</subfield></datafield><datafield ind1="1" ind2="0" tag="245"><subfield code="a">Ultraschall. grundlangen und anwendungen in physik, technik, industrie, biologie und medizin</subfield><subfield code="c">L. herforth, h.m. winter</subfield></datafield><datafield ind1=" " ind2=" " tag="260"><subfield code="a">Leipzig, B.G.Teubner, 1958</subfield></datafield><datafield ind1=" " ind2=" " tag="300"><subfield code="a">VII + 235 P+ 24 P</subfield></datafield><datafield ind1=" " ind2=" " tag="490"><subfield code="a">Mathematisch-naturwissenschaftliche Bibliothek</subfield><subfield code="v">Vol.15</subfield></datafield><datafield ind1="1" ind2=" " tag="700"><subfield code="a">Winter, H.M</subfield></datafield><datafield ind1=" " ind2=" " tag="852"><subfield code="a">5619</subfield><subfield code="c">534</subfield></datafield><datafield ind1=" " ind2=" " tag="CAT"><subfield code="a">Sys</subfield><subfield code="c">20101005</subfield><subfield code="h">143547</subfield></datafield></record></collection>